
%% PLEASE keep the references in the format of DBLP

@techreport{piskac2010decision,
  title={On decision procedures for ordered collections},
  author={Piskac, Ruzica and Suter, Philippe and Kuncak, Viktor},
  year={2010}
}

@incollection{enea2014compositional,
  title={Compositional entailment checking for a fragment of {S}eparation {L}ogic},
  author={Enea, Constantin and Leng{\'a}l, Ond{\v{r}}ej and Sighireanu, Mihaela and Vojnar, Tom{\'a}{\v{s}}},
  booktitle={Asian Programming Languages and Systems},
  pages={314--333},
  year={2014},
  series = {LNCS},
  publisher={Springer}
}

@incollection{zarba2002combining,
  title={Combining multisets with integers},
  author={Zarba, Calogero G},
  booktitle={Automated Deductionâ€”CADE-18},
  pages={363--376},
  year={2002},
  series = {LNCS},
  publisher={Springer}
}

@incollection{de2008z3,
  title={{Z3}: An efficient {SMT} solver},
  author={De Moura, Leonardo and Bj{\o}rner, Nikolaj},
  booktitle={Tools and Algorithms for the Construction and Analysis of Systems},
  pages={337--340},
  year={2008},
  series = {LNCS},
  publisher={Springer}
}

@inproceedings{barrett2011cvc4,
  title={{CVC4}},
  author={Barrett, Clark and Conway, Christopher L and Deters, Morgan and Hadarean, Liana and Jovanovi{\'c}, Dejan and King, Tim and Reynolds, Andrew and Tinelli, Cesare},
  booktitle={Computer Aided Verification},
  pages={171--177},
  year={2011},
  series = {LNCS},
  publisher={Springer}
}

@misc{SMTLIB10,
  author =       {Clark Barrett and Aaron Stump and Cesare Tinelli},
  title =        {{The Satisfiability Modulo Theories Library (SMT-LIB)}},
  howpublished = {{\tt www.SMT-LIB.org}},
  year =         2010
}

@inproceedings{DBLP:conf/csl/AikenKVW93,
  author    = {Alexander Aiken and
               Dexter Kozen and
               Moshe Y. Vardi and
               Edward L. Wimmers},
  title     = {The Complexity of Set Constraints},
  booktitle = {Computer Science Logic, 7th Workshop, {CSL} '93, Swansea, United Kingdom,
               September 13-17, 1993, Selected Papers},
  series    = {Lecture Notes in Computer Science},
  volume    = {832},
  publisher = {Springer},
  pages     = {1--17},
  year      = {1993},
  url       = {http://dx.doi.org/10.1007/BFb0049320},
  doi       = {10.1007/BFb0049320},
  timestamp = {Tue, 22 Sep 2009 10:03:51 +0200},
  biburl    = {http://dblp.uni-trier.de/rec/bib/conf/csl/AikenKVW93},
  bibsource = {dblp computer science bibliography, http://dblp.org}
}

@article{DBLP:journals/scp/OliveiraDF12,
  author    = {Diego Caminha B. de Oliveira and
               David D{\'{e}}harbe and
               Pascal Fontaine},
  title     = {Combining decision procedures by (model-)equality propagation},
  journal   = {Sci. Comput. Program.},
  volume    = {77},
  number    = {4},
  pages     = {518--532},
  year      = {2012},
  url       = {http://dx.doi.org/10.1016/j.scico.2010.04.003},
  doi       = {10.1016/j.scico.2010.04.003},
  timestamp = {Mon, 12 Mar 2012 14:15:35 +0100},
  biburl    = {http://dblp.uni-trier.de/rec/bib/journals/scp/OliveiraDF12},
  bibsource = {dblp computer science bibliography, http://dblp.org}
}

@inproceedings{DBLP:conf/sigsoft/KapurMZ06,
  author    = {Deepak Kapur and
               Rupak Majumdar and
               Calogero G. Zarba},
  title     = {Interpolation for data structures},
  booktitle = {Proceedings of the 14th {ACM} {SIGSOFT} International Symposium on
               Foundations of Software Engineering, {FSE} 2006, Portland, Oregon,
               USA, November 5-11, 2006},
  publisher = {{ACM}},
  pages     = {105--116},
  year      = {2006},
  url       = {http://doi.acm.org/10.1145/1181775.1181789},
  doi       = {10.1145/1181775.1181789},
  timestamp = {Sat, 14 May 2011 10:24:07 +0200},
  biburl    = {http://dblp.uni-trier.de/rec/bib/conf/sigsoft/KapurMZ06},
  bibsource = {dblp computer science bibliography, http://dblp.org}
}

@inproceedings{DBLP:conf/csl/KuncakPS10,
  author    = {Viktor Kuncak and
               Ruzica Piskac and
               Philippe Suter},
  title     = {Ordered Sets in the Calculus of Data Structures},
  booktitle = {Computer Science Logic, 24th International Workshop, {CSL} 2010, 19th
               Annual Conference of the EACSL, Brno, Czech Republic, August 23-27,
               2010. Proceedings},
  series    = {Lecture Notes in Computer Science},
  volume    = {6247},
  publisher = {Springer},
  pages     = {34--48},
  year      = {2010},
  url       = {http://dx.doi.org/10.1007/978-3-642-15205-4_5},
  doi       = {10.1007/978-3-642-15205-4_5},
  timestamp = {Wed, 18 Aug 2010 10:51:27 +0200},
  biburl    = {http://dblp.uni-trier.de/rec/bib/conf/csl/KuncakPS10},
  bibsource = {dblp computer science bibliography, http://dblp.org}
}

@inproceedings{DBLP:conf/cade/PiskacK10,
  author    = {Ruzica Piskac and
               Viktor Kuncak},
  title     = {{MUNCH} - Automated Reasoner for Sets and Multisets},
  booktitle = {Automated Reasoning, 5th International Joint Conference, {IJCAR} 2010,
               Edinburgh, UK, July 16-19, 2010. Proceedings},
  series    = {Lecture Notes in Computer Science},
  volume    = {6173},
  publisher = {Springer},
  pages     = {149--155},
  year      = {2010},
  url       = {http://dx.doi.org/10.1007/978-3-642-14203-1_13},
  doi       = {10.1007/978-3-642-14203-1_13},
  timestamp = {Tue, 25 Jan 2011 17:13:32 +0100},
  biburl    = {http://dblp.uni-trier.de/rec/bib/conf/cade/PiskacK10},
  bibsource = {dblp computer science bibliography, http://dblp.org}
}
