
%% PLEASE keep the references in the format of DBLP

@article{guagliardo2016making,
	title={Making SQL Queries Correct on Incomplete Databases: A Feasibility Study},
	author={Guagliardo, Paolo and Libkin, Leonid and Libkin, Leonid and Martens, Wim and Vrgo{\v{c}}, Domagoj and Console, Marco and Barcelo, Pablo and Figueira, Diego and Gheerbrant, Am{\'e}lie and Sirangelo, Cristina and others},
	journal={Journal of the ACM},
	volume={63},
	pages={2},
	year={2016}
}