
%% PLEASE keep the references in the format of DBLP

@article{guagliardo2016making,
	title={Making SQL Queries Correct on Incomplete Databases: A Feasibility Study},
	author={Guagliardo, Paolo and Libkin, Leonid and Libkin, Leonid and Martens, Wim and Vrgo{\v{c}}, Domagoj and Console, Marco and Barcelo, Pablo and Figueira, Diego and Gheerbrant, Am{\'e}lie and Sirangelo, Cristina and others},
	journal={Journal of the ACM},
	volume={63},
	pages={2},
	year={2016}
}
@article{abiteboul1991representation,
	title={On the representation and querying of sets of possible worlds},
	author={Abiteboul, Serge and Kanellakis, Paris and Grahne, G{\"o}sta},
	journal={Theoretical Computer Science},
	volume={78},
	number={1},
	pages={159--187},
	year={1991},
	publisher={Elsevier}
}
@article{gheerbrant2014naive,
	title={Na{\"\i}ve evaluation of queries over incomplete databases},
	author={Gheerbrant, Am{\'e}lie and Libkin, Leonid and Sirangelo, Cristina},
	journal={ACM Transactions on Database Systems (TODS)},
	volume={39},
	number={4},
	pages={31},
	year={2014},
	publisher={ACM}
}

@article{imielinski1984incomplete,
	title={Incomplete information in relational databases},
	author={Imieli{\'n}ski, Tomasz and Lipski Jr, Witold},
	journal={Journal of the ACM (JACM)},
	volume={31},
	number={4},
	pages={761--791},
	year={1984},
	publisher={ACM}
}
@article{libkin2016sql,
	title={SQLâ€™s three-valued logic and certain answers},
	author={Libkin, Leonid},
	journal={ACM Transactions on Database Systems (TODS)},
	volume={41},
	number={1},
	pages={1},
	year={2016},
	publisher={ACM}
}

@book{date2005database,
	title={Database in depth: relational theory for practitioners},
	author={Date, Chris},
	year={2005},
	publisher={" O'Reilly Media, Inc."}
}
@book{abiteboul1995foundations,
	title={Foundations of databases: the logical level},
	author={Abiteboul, Serge and Hull, Richard and Vianu, Victor},
	year={1995},
	publisher={Addison-Wesley Longman Publishing Co., Inc.}
}

@incollection{van1998logical,
	title={Logical approaches to incomplete information: A survey},
	author={van der Meyden, Ron},
	booktitle={Logics for databases and information systems},
	pages={307--356},
	year={1998},
	publisher={Springer}
}